<record><leader>00000cas a22000007a 4500</leader><controlfield tag="001">31717899</controlfield><controlfield tag="008">941219d1941194uazuwr ne      0    0eng d</controlfield><datafield ind1=" " ind2=" " tag="010"><subfield code="a">sn 94050650 </subfield></datafield><datafield ind1=" " ind2=" " tag="040"><subfield code="a">ANN</subfield><subfield code="b">eng</subfield><subfield code="c">ANN</subfield><subfield code="d">OCLCQ</subfield><subfield code="d">OCLCF</subfield><subfield code="d">OCLCO</subfield><subfield code="d">OCLCA</subfield></datafield><datafield ind1="1" ind2=" " tag="029"><subfield code="a">AU@</subfield><subfield code="b">000011501106</subfield></datafield><datafield ind1=" " ind2=" " tag="042"><subfield code="a">msc</subfield></datafield><datafield ind1=" " ind2=" " tag="043"><subfield code="a">n-us-az</subfield></datafield><datafield ind1="0" ind2="0" tag="245"><subfield code="a">Migrant's mike.</subfield></datafield><datafield ind1="3" ind2="0" tag="246"><subfield code="a">What shall we name it??</subfield></datafield><datafield ind1=" " ind2=" " tag="260"><subfield code="a">Somerton, Ariz. :</subfield><subfield code="b">Yuma Migratory Camp,</subfield><subfield code="c">1941-</subfield></datafield><datafield ind1=" " ind2=" " tag="300"><subfield code="a">v. :</subfield><subfield code="b">ill.</subfield></datafield><datafield ind1=" " ind2=" " tag="310"><subfield code="a">Weekly</subfield></datafield><datafield ind1="0" ind2=" " tag="362"><subfield code="a">Vol. 1, no. 1 (Jan. 31, 1941)-</subfield></datafield><datafield ind1=" " ind2=" " tag="500"><subfield code="a">First issue published as "What shall we name it??" Title determined by Camp contest. Published as "Migrant's mike" from Vol. 1, no. 2 (Feb. 7, 1941).</subfield></datafield><datafield ind1=" " ind2="0" tag="650"><subfield code="a">Migrant agricultural laborers</subfield><subfield code="z">Arizona</subfield><subfield code="v">Newspapers.</subfield></datafield><datafield ind1=" " ind2="0" tag="651"><subfield code="a">Somerton (Ariz.)</subfield><subfield code="v">Newspapers.</subfield></datafield><datafield ind1=" " ind2="7" tag="655"><subfield code="a">Newspapers.</subfield><subfield code="2">fast</subfield><subfield code="0">(OCoLC)fst01423814</subfield></datafield><datafield ind1=" " ind2="7" tag="650"><subfield code="a">Migrant agricultural laborers.</subfield><subfield code="2">fast</subfield><subfield code="0">(OCoLC)fst01020686</subfield></datafield><datafield ind1=" " ind2="7" tag="651"><subfield code="a">Arizona.</subfield><subfield code="2">fast</subfield><subfield code="0">(OCoLC)fst01204820</subfield></datafield><datafield ind1=" " ind2="7" tag="651"><subfield code="a">Arizona</subfield><subfield code="z">Somerton.</subfield><subfield code="2">fast</subfield><subfield code="0">(OCoLC)fst01254100</subfield></datafield><datafield ind1="2" ind2=" " tag="710"><subfield code="a">Yuma Migratory Camp (Ariz.)</subfield></datafield><datafield ind1=" " ind2=" " tag="752"><subfield code="a">United States</subfield><subfield code="b">Arizona</subfield><subfield code="c">Yuma</subfield><subfield code="d">Somerton.</subfield></datafield></record>